<?xml version = "1.0" encoding = "UTF-8"?><record>
  <leader>00862nam#a2200313#cb4500</leader>
  <controlfield tag="005">20210409162606.0</controlfield>
  <controlfield tag="007">tu</controlfield>
  <controlfield tag="008">180115|1975####xx############|||#|#####c</controlfield>
  <controlfield tag="003">DE-605</controlfield>
  <controlfield tag="001">990222755220206441</controlfield>
  <datafield tag="016" ind1="7" ind2=" ">
    <subfield code="a">1075143759</subfield>
    <subfield code="2">OCoLC</subfield>
  </datafield>
  <datafield tag="035" ind1=" " ind2=" ">
    <subfield code="a">(DE-605)TT003819122</subfield>
  </datafield>
  <datafield tag="040" ind1=" " ind2=" ">
    <subfield code="a">B 23</subfield>
    <subfield code="b">ger</subfield>
    <subfield code="c">B 23</subfield>
    <subfield code="e">rakwb</subfield>
  </datafield>
  <datafield tag="080" ind1=" " ind2=" ">
    <subfield code="a">551.5</subfield>
  </datafield>
  <datafield tag="080" ind1=" " ind2=" ">
    <subfield code="a">06.05</subfield>
  </datafield>
  <datafield tag="080" ind1=" " ind2=" ">
    <subfield code="a">(100)</subfield>
  </datafield>
  <datafield tag="080" ind1=" " ind2=" ">
    <subfield code="a">061.3</subfield>
  </datafield>
  <datafield tag="080" ind1=" " ind2=" ">
    <subfield code="a">1975</subfield>
  </datafield>
  <datafield tag="080" ind1=" " ind2=" ">
    <subfield code="a">Genf</subfield>
  </datafield>
  <datafield tag="110" ind1="2" ind2=" ">
    <subfield code="a">WMO</subfield>
    <subfield code="0">(DE-588)2034291-3</subfield>
    <subfield code="4">aut</subfield>
    <subfield code="0">(uri) https://portal.dnb.de/opac.htm?method=simpleSearch&amp;cqlMode=true&amp;query=idn=004901681</subfield>
    <subfield code="0">(uri) http://viaf.org/viaf/sourceID/DNB|004901681</subfield>
  </datafield>
  <datafield tag="245" ind1="1" ind2="0">
    <subfield code="a">SEVENTH WORLD METEOROLOGICAL CONGRESS. GENEVA, 28 APRIL - 23 MAY 1975. ABRIDGED REPORT WITH RESOLUTIONS.</subfield>
  </datafield>
  <datafield tag="264" ind1=" " ind2="1">
    <subfield code="a">GENEVA</subfield>
    <subfield code="b">(SELBSTVERL.)</subfield>
    <subfield code="c">1975</subfield>
  </datafield>
  <datafield tag="300" ind1=" " ind2=" ">
    <subfield code="a">XXVII, 255 S.</subfield>
  </datafield>
  <datafield tag="490" ind1="1" ind2=" ">
    <subfield code="a">WMO</subfield>
    <subfield code="v">416</subfield>
  </datafield>
  <datafield tag="830" ind1=" " ind2="0">
    <subfield code="a">WMO</subfield>
    <subfield code="w">(DE-605)HT001231887</subfield>
    <subfield code="v">416</subfield>
    <subfield code="9">O:1</subfield>
    <subfield code="0">(uri) https://portal.dnb.de/opac.htm?method=simpleSearch&amp;cqlMode=true&amp;query=idn=004901681</subfield>
    <subfield code="0">(uri) http://viaf.org/viaf/sourceID/DNB|004901681</subfield>
  </datafield>
  <datafield tag="964" ind1="0" ind2="s">
    <subfield code="F">030</subfield>
    <subfield code="A">a|1uc||||||27</subfield>
  </datafield>
  <datafield tag="964" ind1="0" ind2="s">
    <subfield code="F">050</subfield>
    <subfield code="A">a|||||||||||||</subfield>
  </datafield>
  <datafield tag="964" ind1="0" ind2="s">
    <subfield code="F">051</subfield>
    <subfield code="A">s|||||||</subfield>
  </datafield>
  <datafield tag="035" ind1=" " ind2=" ">
    <subfield code="a">(OCoLC)1075143759</subfield>
    <subfield code="0">(uri) http://www.worldcat.org/oclc/1075143759</subfield>
  </datafield>
  <datafield tag="MBD" ind1=" " ind2=" ">
    <subfield code="M">49HBZ_NETWORK</subfield>
    <subfield code="i">990222755220206441</subfield>
    <subfield code="n">HBZ Network</subfield>
  </datafield>
  <datafield tag="MNG" ind1=" " ind2=" ">
    <subfield code="c">System</subfield>
    <subfield code="f">ILS</subfield>
    <subfield code="i">marc21</subfield>
    <subfield code="k">01</subfield>
    <subfield code="e">false</subfield>
    <subfield code="d">2022-01-20 05:43:32 Europe/Berlin</subfield>
    <subfield code="g">022275522-HBZ01</subfield>
    <subfield code="j">60</subfield>
    <subfield code="a">import</subfield>
    <subfield code="b">2021-04-05 10:07:13 Europe/Berlin</subfield>
  </datafield>
</record>